@inproceedings{mantyla2016mining,
  title={Mining valence, arousal, and dominance: possibilities for detecting burnout and productivity?},
  author={M{\"a}ntyl{\"a}, Mika and Adams, Bram and Destefanis, Giuseppe and Graziotin, Daniel and Ortu, Marco},
  booktitle={Proceedings of the 13th International Conference on Mining Software Repositories},
  pages={247--258},
  year={2016},
  organization={ACM}
}

@book{PAD,
  title={An approach to environmental psychology.},
  author={Mehrabian, Albert and Russell, James A},
  year={1974},
  publisher={the MIT Press}
}

@article{VAD,
author =       "Margaret M. Bradley and Peter J. Lang",
    title =        "Measuring emotion:  The self-assessment manikin and the
semantic differential.",
    journal =      "Journal of Behavior Therapy and Experimental Psychiatry",
    volume =       "25",
    number =       "1",
    pages =        "49-59",
    year =         "1994"
}
