@book{al2015applied,
  title={Applied Computing in Medicine and Health},
  author={Al-Jumeily, Dhiya and Hussain, Abir and Mallucci, Conor and Oliver, Carol},
  year={2015},
  publisher={Morgan Kaufmann}
}

@article{wilcoxon1970critical,
  title={Critical values and probability levels for the Wilcoxon rank sum test and the Wilcoxon signed rank test},
  author={Wilcoxon, Frank and Katti, SK and Wilcox, Roberta A},
  journal={Selected tables in mathematical statistics},
  volume={1},
  pages={171--259},
  year={1970}
}

@inproceedings{kohavi1995study,
  title={A study of cross-validation and bootstrap for accuracy estimation and model selection},
  author={Kohavi, Ron and others},
  booktitle={Ijcai},
  volume={14.2},
  pages={1137--1145},
  year={1995},
  organization={Montreal, Canada}
}


@online{nodeSpotify,
  author = {thelinmichael},
  title = {spotify-web-api-node},
  year = 2019,
  url = {https://github.com/thelinmichael/spotify-web-api-node}
}



@online{sklearn,
  author = {sklearn},
  title = {scikit-learn},
  year = 2019,
  url = {https://scikit-learn.org}
}


