
% SENTIMENT REFERENCES %%%%%%%%%%%%%%%%%%%%%%%%%%%%%%%%%%%%%%%%%%%%%%%%%%%%%
@book{frijda1986emotions,
  title={The emotions},
  author={Frijda, Nico H},
  year={1986},
  publisher={Cambridge University Press}
}


@inproceedings{emoBank,
  title={EMOBANK: Studying the impact of annotation perspective and representation format on dimensional emotion analysis},
  author={Buechel, Sven and Hahn, Udo},
  booktitle={Proceedings of the 15th Conference of the European Chapter of the Association for Computational Linguistics: Volume 2, Short Papers},
  volume={2},
  pages={578--585},
  year={2017}
}

@article{wordsData,
  title={Norms of valence, arousal, and dominance for 13,915 English lemmas},
  author={Warriner, Amy Beth and Kuperman, Victor and Brysbaert, Marc},
  journal={Behavior research methods},
  volume={45},
  number={4},
  pages={1191--1207},
  year={2013},
  publisher={Springer}
}


@article{modelOfAffect,
    author =       "James A. Russell",
    title =        "A Circumplex Model of Affect",
    journal =      "Journal of Personality and Social Psychology",
    volume =       "39",
    pages =        "1161-1178",
    year =         "1980",
    DOI =          "10.1037/h0077714"
}

@article{circumplexIssues,
  title={Promises and problems with the circumplex model of emotion.},
  author={Larsen, Randy J and Diener, Edward},
  year={1992},
  publisher={Sage Publications, Inc}
}


@article{emotionPerspective,
    author =       "Sven Buechel and Udo Hahn",
    title =        "Readers vs. writers vs. texts: Coping with different perspectives of text understanding in emotion annotation",
    journal =      "LAW 2017 - Proceedings of the 11th Linguistic Annotation Workshop @ EACL 2017",
    pages =        "1-12",
    year =         "2017",
    DOI =          "https://sigann.github.io/LAW-XI-2017/papers/LAW01.pdf"
}


@article{VAD,
author =       "Margaret M. Bradley and Peter J. Lang",
    title =        "Measuring emotion:  The self-assessment manikin and the
semantic differential.",
    journal =      "Journal of Behavior Therapy and Experimental Psychiatry",
    volume =       "25",
    number =       "1",
    pages =        "49-59",
    year =         "1994"
}


@article{Ekman,
  title={An argument for basic emotions},
  author={Ekman, Paul},
  journal={Cognition \& emotion},
  volume={6},
  number={3-4},
  pages={169--200},
  year={1992},
  publisher={Taylor \& Francis}
}

@book{PAD,
  title={An approach to environmental psychology.},
  author={Mehrabian, Albert and Russell, James A},
  year={1974},
  publisher={the MIT Press}
}

@article{VADMapping,
  title={Evidence for a three-factor theory of emotions},
  author={Russell, James A and Mehrabian, Albert},
  journal={Journal of research in Personality},
  volume={11},
  number={3},
  pages={273--294},
  year={1977},
  publisher={Elsevier}
}


%MACHINE LEARNING REFERENCES %%%%%%%%%%%%%%%%%%%%%%%%%%%

@book{NLTKBook,
  title={Natural language processing with Python: analyzing text with the natural language toolkit},
  author={Bird, Steven and Klein, Ewan and Loper, Edward},
  year={2009},
  publisher={" O'Reilly Media, Inc."}
}


@MISC{lemmatizing,
   author =       {Jabeen, Hafsa},
   title =        {Stemming and Lemmatization in Python},
   editor =       {datacamp.com},
   month =        {October},
   year =         {2018},
   url = {https://www.datacamp.com/community/tutorials/stemming-lemmatization-python},
   note =         {[Online; posted 28-October-2018]},
 }

@article{kolchyna2015twitter,
  title={Twitter sentiment analysis: Lexicon method, machine learning method and their combination},
  author={Kolchyna, Olga and Souza, Tharsis TP and Treleaven, Philip and Aste, Tomaso},
  journal={arXiv preprint arXiv:1507.00955},
  year={2015}
}

@article{go2009twitter,
  title={Twitter sentiment classification using distant supervision},
  author={Go, Alec and Bhayani, Richa and Huang, Lei},
  journal={CS224N Project Report, Stanford},
  volume={1},
  number={12},
  year={2009}
}

@article{saif2014stopwords,
  title={On stopwords, filtering and data sparsity for sentiment analysis of twitter},
  author={Saif, Hassan and Fern{\'a}ndez, Miriam and He, Yulan and Alani, Harith},
  year={2014}
}



%SPOTIFY REFERENCES %%%%%%%%%%%%%%%%%%%%%%%%%%%%%%%%%%%%%%%%%%%%%%%%%%%%%

@MISC{moodtape,
   author =       {Subbarao, Mohith},
   title =        {Moodtape: Web Application Using Spotify API to Create Mood-Generated Playlists},
   editor =       {medium.com},
   month =        {July},
   year =         {2018},
   url = {https://medium.com/@mohithsubbarao},
   note =         {[Online; posted 21-July-2018]},
 }



@MISC{spotifyHello,
   author =       {Spotify},
   title =        {Web API Tutorial},
   editor =       {developer.spotify.com},
   url = {https://developer.spotify.com/documentation/web-api/quick-start/},
   note =         {[Online]},
 }
 
 @MISC{aws,
   author =       {Amazon},
   title =        {Amazon Comprehend Documentation},
   editor =       {aws.amazon.com},
   month =        {November},
   year =         {2018},
   url = {https://docs.aws.amazon.com/comprehend/},
   note =         {[Online; accessed 22-November-2018]},
 }
 
  
 @MISC{LUIS,
   author =       {Microsoft},
   title =        {LUIS Documentation},
   editor =       {luis.ai},
   month =        {November},
   year =         {2018},
   url = {https://www.luis.ai},
   note =         {[Online; accessed 22-November-2018]},
 }

 

%CHATBOT REFERENCES %%%%%%%%%%%%%%%%%%%%%%%%%%%%%%%%%%%%%%%%%%%%%%


@MISC{jokeBot,
   author =       {Ometrics},
   title =        {Ometrics Joke Bot},
   editor =       {ometrics.com},
   url = {https://www.facebook.com/ojokebot/},
   note =         {[Online]},
 }
 
   
 @MISC{Azure,
   author =       {Microsoft},
   title =        {Azure Bot Documentation},
   editor =       {ldocs.microsoft.com/azure},
   month =        {November},
   year =         {2018},
   url = {docs.microsoft.com/azure/bot-service},
   note =         {[Online; accessed 22-November-2018]},
 }

 
